

@article{PhysRevLett.74.2626,
  author =        {{F. Abe et al. (CDF Collaboration)}},
  journal =       {Phys. Rev. Lett.},
  pages =         {2626},
  publisher =     {American Physical Society},
  title =         {Observation of Top Quark Production in
                   $\overline{\mathit{p}}\mathit{p}$ Collisions with the
                   Collider Detector at Fermilab},
  volume =        {74},
  year =          {1995},
  doi =           {10.1103/PhysRevLett.74.2626},
}

@article{Abachi:1995iq,
  author =        {{S. Abachi et al. (D0 Collaboration)}},
  journal =       {Phys. Rev. Lett.},
  pages =         {2632},
  title =         {{Observation of the top quark}},
  volume =        {74},
  year =          {1995},
  doi =           {10.1103/PhysRevLett.74.2632},
}

@article{PhysRevLett.13.321,
  author =        {Englert, F. and Brout, R.},
  journal =       {Phys. Rev. Lett.},
  pages =         {321},
  publisher =     {American Physical Society},
  title =         {Broken Symmetry and the Mass of Gauge Vector Mesons},
  volume =        {13},
  year =          {1964},
  doi =           {10.1103/PhysRevLett.13.321},
}

@article{Higgs1964132,
  author =        {P. W. Higgs},
  journal =       {Phys. Lett.},
  pages =         {132},
  title =         {Broken symmetries, massless particles and gauge
                   fields},
  volume =        {12},
  year =          {1964},
  doi =           {http://dx.doi.org/10.1016/0031-9163(64)91136-9},
  issn =          {0031-9163},
}

@article{PhysRevLett.13.508,
  author =        {Higgs, Peter W.},
  journal =       {Phys. Rev. Lett.},
  pages =         {508},
  publisher =     {American Physical Society},
  title =         {Broken Symmetries and the Masses of Gauge Bosons},
  volume =        {13},
  year =          {1964},
  doi =           {10.1103/PhysRevLett.13.508},
}

@article{PhysRevLett.13.585,
  author =        {Guralnik, G. S. and others},
  journal =       {Phys. Rev. Lett.},
  pages =         {585},
  title =         {Global Conservation Laws and Massless Particles},
  volume =        {13},
  year =          {1964},
  doi =           {10.1103/PhysRevLett.13.585},
}

@article{PhysRev.145.1156,
  author =        {Higgs, Peter W.},
  journal =       {Phys. Rev.},
  pages =         {1156},
  publisher =     {American Physical Society},
  title =         {Spontaneous Symmetry Breakdown without Massless
                   Bosons},
  volume =        {145},
  year =          {1966},
  doi =           {10.1103/PhysRev.145.1156},
}

@article{PhysRev.155.1554,
  author =        {Kibble, T. W. B.},
  journal =       {Phys. Rev.},
  pages =         {1554},
  publisher =     {American Physical Society},
  title =         {Symmetry Breaking in Non-Abelian Gauge Theories},
  volume =        {155},
  year =          {1967},
  doi =           {10.1103/PhysRev.155.1554},
}

@article{PhysRevLett.115.072001,
  author =        {{LHCb Collaboration}},
  journal =       {Phys. Rev. Lett.},
  pages =         {072001},
  publisher =     {American Physical Society},
  title =         {Observation of $J/\ensuremath{\psi}p$ Resonances
                   Consistent with Pentaquark States in
  ${\mathrm{\ensuremath{\Lambda}}}_{b}^{0}\ensuremath{\rightarrow}J/\ensuremath{\psi}{K}^{-}p$
  Decays},
  volume =        {115},
  year =          {2015},
  doi =           {10.1103/PhysRevLett.115.072001},
}

@article{PDG2014,
  author =        {{Particle Data Group}},
  journal =       {Chin. Phys. C},
  pages =         {090001},
  title =         {{Review of Particle Physics}},
  volume =        {38},
  year =          {2014},
  doi =           {10.1088/1674-1137/38/9/090001},
}

@article{Hulse:1974eb,
  author =        {Hulse, R. A. and Taylor, J. H.},
  journal =       {Astrophys. J.},
  pages =         {L51-L53},
  title =         {{Discovery of a pulsar in a binary system}},
  volume =        {195},
  year =          {1975},
  doi =           {10.1086/181708},
}

@article{Aad20121,
  author =        {{ATLAS Collaboration}},
  journal =       {Phys. Lett. B},
  pages =         {1},
  title =         {Observation of a new particle in the search for the
                   Standard Model Higgs boson with the ATLAS detector at
                   the LHC},
  volume =        {716},
  year =          {2012},
  doi =           {10.1016/j.physletb.2012.08.020},
  issn =          {0370-2693},
}

@article{Chatrchyan2013,
  author =        {{CMS Collaboration}},
  journal =       {JHEP},
  pages =         {81},
  publisher =     {Springer-Verlag},
  title =         {Observation of a new boson with mass near 125 GeV in
                   pp collisions at $\sqrt{s}=7$ and 8~TeV},
  volume =        {6},
  year =          {2013},
  doi =           {10.1007/JHEP06(2013)081},
}

@article{Aad:2015zhl,
  author =        {{ATLAS and CMS Collaborations}},
  journal =       {Phys. Rev. Lett.},
  pages =         {191803},
  title =         {{Combined Measurement of the Higgs Boson Mass in $pp$
                   Collisions at $\sqrt{s}=7$ and 8 TeV with the ATLAS
                   and CMS Experiments}},
  volume =        {114},
  year =          {2015},
  doi =           {10.1103/PhysRevLett.114.191803},
}

@article{tagkey2013120,
  author =        {{ATLAS Collaboration}},
  journal =       {Phys. Lett. B},
  key =           {tagkey2013120},
  pages =         {13},
  title =         {Evidence for the spin-0 nature of the Higgs boson
                   using ATLAS data},
  volume =        {726},
  year =          {2013},
  doi =           {http://dx.doi.org/10.1016/j.physletb.2013.08.026},
  issn =          {0370-2693},
}

@article{tagkey201388,
  author =        {{ATLAS Collaboration}},
  journal =       {Phys. Lett. B},
  key =           {tagkey201388},
  pages =         {13},
  title =         {Measurements of Higgs boson production and couplings
                   in diboson final states with the ATLAS detector at
                   the LHC},
  volume =        {726},
  year =          {2013},
  doi =           {http://dx.doi.org/10.1016/j.physletb.2013.08.010},
  issn =          {0370-2693},
}

@article{ATLAS:2011ac,
  author =        {{ATLAS Collaboration}},
  journal =       {Eur. Phys. J. C},
  pages =         {1846},
  title =         {{Measurement of the inclusive and dijet
                   cross-sections of $b$-jets in $pp$ collisions at
                   $\sqrt{s}=7$ TeV with the ATLAS detector}},
  volume =        {71},
  year =          {2011},
  doi =           {10.1140/epjc/s10052-011-1846-4},
}

@article{PhysRevLett.89.011301,
  author =        {{Q. R. Ahmad et al. (SNO Collaboration)}},
  journal =       {Phys. Rev. Lett.},
  pages =         {11301},
  publisher =     {American Physical Society},
  title =         {Direct Evidence for Neutrino Flavor Transformation
                   from Neutral-Current Interactions in the Sudbury
                   Neutrino Observatory},
  volume =        {89},
  year =          {2002},
  doi =           {10.1103/PhysRevLett.89.011301},
}

@article{PhysRevLett.81.1562,
  author =        {{Y. Fukuda et al. (Super-Kamiokande Collaboration)}},
  journal =       {Phys. Rev. Lett.},
  pages =         {1562},
  publisher =     {American Physical Society},
  title =         {Evidence for Oscillation of Atmospheric Neutrinos},
  volume =        {81},
  year =          {1998},
  doi =           {10.1103/PhysRevLett.81.1562},
}

@techreport{ATLAS-CONF-2013-019,
  author =        {{ATLAS Collaboration}},
  institution =   {CERN},
  number =        {ATLAS-CONF-2013-019},
  title =         {{Search for Type III Seesaw Model Heavy Fermions in
                   Events with Four Charged Leptons using 5.8 fb$^{-1}$
                   of $\sqrt{s} =$ 8 TeV data with the ATLAS Detector}},
  year =          {2013},
  url =           {https://cds.cern.ch/record/1525526},
}

@article{CKM1,
  author =        {Cabibbo, N.},
  journal =       {Phys. Rev. Lett.},
  pages =         {531},
  title =         {Unitary Symmetry and Leptonic Decays},
  volume =        {10},
  year =          {1963},
  doi =           {http://dx.doi.org/10.1103/PhysRevLett.10.531},
}

@article{CKM2,
  author =        {Kobayashi, M. and Maskawa, T.},
  journal =       {Prog. Theor. Phys.},
  pages =         {652},
  title =         {CP-Violation in the Renormalizable Theory of Weak
                   Interaction},
  volume =        {49},
  year =          {1973},
  doi =           {10.1143/PTP.49.652},
}

@article{ALEPH:2005ab,
  author =        {{The ALEPH, DELPHI, L3, OPAL and SLD Collaborations}},
  journal =       {Phys. Rept.},
  pages =         {257},
  title =         {{Precision electroweak measurements on the $Z$
                   resonance}},
  volume =        {427},
  year =          {2006},
  doi =           {10.1016/j.physrep.2005.12.006},
}

@article{Planck:2015xua,
  author =        {{P. A. R. Ade et al. (Planck Collaboration)}},
  title =         {{Planck 2015 results. XIII. Cosmological parameters}},
  year =          {2015},
}

@article{0067-0049-208-2-20,
  author =        {C. L. Bennett and others},
  journal =       {Astrophys. J.},
  pages =         {20},
  title =         {Nine-year Wilkinson Microwave Anisotropy Probe (WMAP)
                   Observations: Final Maps and Results},
  volume =        {208},
  year =          {2013},
  doi =           {10.1088/0067-0049/208/2/20},
}

@book{HobsonBook,
  author =        {M. P. Hobson and others},
  note =          {ISBN 978-0-521-82951-9},
  publisher =     {Cambridge University Press},
  title =         {General Relativity: An Introduction for Physicists},
  year =          {2006},
}

@article{Aad:2015baa,
  journal =       {JHEP},
  pages =         {134},
  title =         {{Summary of the ATLAS experiment's sensitivity to
                   supersymmetry after LHC Run 1 - interpreted in the
                   phenomenological MSSM}},
  volume =        {10},
  year =          {2015},
  doi =           {10.1007/JHEP10(2015)134},
}

@techreport{CMS-PAS-SUS-15-010,
  address =       {Geneva},
  author =        {{CMS Collaboration}},
  institution =   {CERN},
  number =        {CMS-PAS-SUS-15-010},
  title =         {{Phenomenological MSSM interpretation of CMS results
                   at $\sqrt{s}=$ 7 and 8 TeV}},
  year =          {2015},
  url =           {http://cds.cern.ch/record/2063744},
}

@article{Baak2014,
  author =        {{M. Baak et al.}},
  journal =       {Eur. Phys. J. C},
  pages =         {3046},
  title =         {{The global electroweak fit at NNLO and prospects for
                   the LHC and ILC}},
  volume =        {74},
  year =          {2014},
  doi =           {10.1140/epjc/s10052-014-3046-5},
}

@article{GellMann:1964nj,
  author =        {Gell-Mann, Murray},
  journal =       {Phys. Lett.},
  pages =         {214},
  title =         {{A Schematic Model of Baryons and Mesons}},
  volume =        {8},
  year =          {1964},
  doi =           {10.1016/S0031-9163(64)92001-3},
}

@techreport{Zweig:1981pd,
  author =        {Zweig, G.},
  institution =   {CERN},
  number =        {CERN-TH-401},
  title =         {{An SU(3) model for strong interaction symmetry and
                   its breaking. Version 1}},
  year =          {1964},
  url =           {http://cds.cern.ch/record/352337},
}

@article{Aubert:1974js,
  author =        {Aubert, J. J. and others},
  journal =       {Phys. Rev. Lett.},
  pages =         {1404},
  title =         {{Experimental Observation of a Heavy Particle $J$}},
  volume =        {33},
  year =          {1974},
  doi =           {10.1103/PhysRevLett.33.1404},
}

@article{Augustin:1974xw,
  author =        {{J.-E. Augustin et al.}},
  journal =       {Phys. Rev. Lett.},
  pages =         {1406},
  title =         {{Discovery of a Narrow Resonance in e+ e-
                   Annihilation}},
  volume =        {33},
  year =          {1974},
  doi =           {10.1103/PhysRevLett.33.1406},
}

@article{Herb:1977ek,
  author =        {Herb, S. W. and others},
  journal =       {Phys. Rev. Lett.},
  pages =         {252},
  title =         {{Observation of a Dimuon Resonance at 9.5-GeV in
                   400-GeV Proton-Nucleus Collisions}},
  volume =        {39},
  year =          {1977},
  doi =           {10.1103/PhysRevLett.39.252},
}

@article{Perl:1975bf,
  author =        {{M. L. Perl et al.}},
  journal =       {Phys. Rev. Lett.},
  pages =         {1489},
  title =         {{Evidence for Anomalous Lepton Production in e+ - e-
                   Annihilation}},
  volume =        {35},
  year =          {1975},
  doi =           {10.1103/PhysRevLett.35.1489},
}

@article{Pumplin2002,
  author =        {Pumplin, J. and others},
  journal =       {JHEP},
  pages =         {12},
  title =         {New generation of parton distributions with
                   uncertainties from global QCD analysis},
  volume =        {07},
  year =          {2002},
  doi =           {10.1088/1126-6708/2002/07/012},
}

@Electronic{ATLASSMSummaryPlots,
  author =        {{ATLAS Collaboration}},
  month =         {November},
  title =         {Summary plots from the ATLAS Standard Model physics
                   group},
  year =          {2015},
  url =           {https://atlas.web.cern.ch/Atlas/GROUPS/PHYSICS/
                  CombinedSummaryPlots/SM/},
}

@article{Czakon:2013goa,
  author =        {{M. Czakon et al.}},
  journal =       {Phys. Rev. Lett.},
  pages =         {252004},
  title =         {{The total top quark pair production cross-section at
                   hadron colliders through ${\cal O}(\alpha_S^4)$}},
  volume =        {110},
  year =          {2013},
  doi =           {10.1103/PhysRevLett.110.252004},
}

@article{Andersson198331,
  author =        {B. Andersson and others},
  journal =       {Phys. Rept.},
  pages =         {31},
  title =         {Parton fragmentation and string dynamics},
  volume =        {97},
  year =          {1983},
  doi =           {10.1016/0370-1573(83)90080-7},
  issn =          {0370-1573},
}

@book{Andersson:1998tv,
  author =        {Andersson, Bo},
  note =          {ISBN 9780521017343},
  publisher =     {Cambridge University Press},
  title =         {The Lund model},
  year =          {1997},
}

@article{Webber:1983if,
  author =        {Webber, B.R.},
  journal =       {Nucl. Phys. B},
  pages =         {492},
  title =         {{A QCD Model for Jet Fragmentation Including Soft
                   Gluon Interference}},
  volume =        {238},
  year =          {1984},
  doi =           {10.1016/0550-3213(84)90333-X},
}

@techreport{ATL-PHYS-PUB-2015-013,
  address =       {Geneva},
  author =        {{ATLAS Collaboration}},
  number =        {ATL-PHYS-PUB-2015-013},
  title =         {{Proposal for truth particle observable definitions
                   in physics measurements}},
  year =          {2015},
  url =           {https://cds.cern.ch/record/2022743},
}

@article{Degrassi2012,
  author =        {Degrassi, Giuseppe and others},
  journal =       {JHEP},
  pages =         {98},
  publisher =     {Springer-Verlag},
  title =         {Higgs mass and vacuum stability in the Standard Model
                   at NNLO},
  volume =        {8},
  year =          {2012},
  doi =           {10.1007/JHEP08(2012)098},
  eid =           {98},
  language =      {English},
}

@article{ATLAS:2014wva,
  author =        {{ATLAS, CDF, CMS and D0 Collaborations}},
  key =           {1286320},
  title =         {{First combination of Tevatron and LHC measurements
                   of the top-quark mass}},
  year =          {2014},
}

@article{Chetyrkin:1999ys,
  author =        {Chetyrkin, K.G. and Steinhauser, M.},
  journal =       {Phys. Rev. Lett.},
  pages =         {4001},
  title =         {{Short distance mass of a heavy quark at order
                   $\alpha_S^3$}},
  volume =        {83},
  year =          {1999},
  doi =           {10.1103/PhysRevLett.83.4001},
}

@article{Melnikov:2000qh,
  author =        {Melnikov, Kirill and {van Ritbergen}, Timo},
  journal =       {Phys. Lett. B},
  pages =         {99},
  title =         {{The Three loop relation between the
                   $\overline{MS\;\!}$ and the pole quark masses}},
  volume =        {482},
  year =          {2000},
  doi =           {10.1016/S0370-2693(00)00507-4},
}

@article{Ahrens:2011px,
  author =        {Ahrens, Valentin and others},
  journal =       {Phys. Lett. B},
  pages =         {135},
  title =         {{Precision predictions for the $t+\bar t$ production
                   cross section at hadron colliders}},
  volume =        {703},
  year =          {2011},
  doi =           {10.1016/j.physletb.2011.07.058},
}

@article{Buckley:2011ms,
  author =        {Buckley, Andy and others},
  journal =       {Phys. Rept.},
  pages =         {145},
  title =         {{General-purpose event generators for LHC physics}},
  volume =        {504},
  year =          {2011},
  doi =           {10.1016/j.physrep.2011.03.005},
}

@article{Hoang:2008xm,
  author =        {Hoang, Andre H. and Stewart, Iain W.},
  journal =       {Nucl. Phys. Proc. Suppl.},
  pages =         {220},
  title =         {{Top Mass Measurements from Jets and the Tevatron
                   Top-Quark Mass}},
  volume =        {185},
  year =          {2008},
  doi =           {10.1016/j.nuclphysbps.2008.10.028},
}

@article{Agashe:2013hma,
  author =        {Agashe, K. and others},
  title =         {{Snowmass 2013 Top quark working group report}},
  year =          {2013},
}

@article{Juste:2013dsa,
  author =        {A. Juste and others},
  journal =       {Eur. Phys. J. C},
  publisher =     {Springer Berlin Heidelberg},
  title =         {Determination of the top quark mass circa 2013:
                   methods, subtleties, perspectives},
  volume =        {74},
  year =          {2014},
  doi =           {10.1140/epjc/s10052-014-3119-5},
  eid =           {3119},
  issn =          {1434-6044},
  language =      {English},
}

@article{Skands:2007zg,
  author =        {Skands, Peter Z. and Wicke, Daniel},
  journal =       {Eur. Phys. J. C},
  pages =         {133},
  title =         {{Non-perturbative QCD effects and the top mass at the
                   Tevatron}},
  volume =        {52},
  year =          {2007},
  doi =           {10.1140/epjc/s10052-007-0352-1},
}

@article{Cortiana:2015rca,
  author =        {Cortiana, Giorgio},
  note =          {To be published in Rev. Phys.},
  title =         {{Top-quark mass measurements: review and
                   perspectives}},
  year =          {2015},
}

@article{Nisius:2012gm,
  author =        {Nisius, Richard},
  journal =       {Nucl. Phys. Proc. Suppl.},
  pages =         {216},
  title =         {{QCD results from the LHC}},
  volume =        {222-224},
  year =          {2012},
  doi =           {10.1016/j.nuclphysbps.2012.03.022},
}

@article{ATLASCollaboration2014a,
  author =        {{ATLAS Collaboration}},
  journal =       {Eur. Phys. J. C},
  pages =         {3109},
  title =         {Measurement of the $t\overline{t}$ production
                   cross-section using emu events with b-tagged jets in
                   pp collisions at $\sqrt{s}=7$ and 8~TeV with the
                   ATLAS detector},
  volume =        {74},
  year =          {2014},
  doi =           {10.1140/epjc/s10052-014-3109-7},
}

@techreport{CMS-PAS-TOP-13-004,
  address =       {Geneva},
  institution =   {CERN},
  number =        {CMS-PAS-TOP-13-004},
  title =         {{Measurement of the $t\overline{t}$ production cross
                   section in the emu channel in pp collisions at 7 and
                   8 TeV}},
  year =          {2015},
  url =           {https://cds.cern.ch/record/2048642},
}

@article{ATLAS:2014zza,
  author =        {{ATLAS Collaboration}},
  journal =       {JHEP},
  pages =         {121},
  title =         {{Determination of the top-quark pole mass using $
                   t\overline{t} $ + 1-jet events collected with the
                   ATLAS experiment in 7 TeV pp collisions}},
  volume =        {10},
  year =          {2015},
  doi =           {10.1007/JHEP10(2015)121},
}

@article{CMSCollaboration2013a,
  author =        {{CMS Collaboration}},
  journal =       {Eur. Phys. J. C},
  pages =         {2494},
  title =         {Measurement of the mass of the $t\overline{t}$ system
                   by kinematic endpoints in pp collisions at $\sqrt{s}
                   = 7$~TeV},
  volume =        {73},
  year =          {2013},
  doi =           {10.1140/epjc/s10052-013-2494-7},
}

@techreport{CMSCollaboration2013,
  author =        {{CMS Collaboration}},
  number =        {CMS-PAS-TOP-12-030},
  title =         {Measurement of the top-quark mass using the B-hadron
                   lifetime technique},
  year =          {2013},
  url =           {http://cds.cern.ch/record/1563140},
}

@article{1748-0221-3-08-S08001,
  author =        {{L. Evans and P. Bryant (editors)}},
  journal =       {JINST},
  pages =         {S08001},
  title =         {{LHC Machine}},
  volume =        {3},
  year =          {2008},
  doi =           {10.1088/1748-0221/3/08/S08001},
}

@article{LHCnew,
  author =        {S. Myers},
  journal =       {Int. J. Mod. Phys. A},
  pages =         {25},
  title =         {The Large Hadron Collider 2008-2013},
  volume =        {28},
  year =          {2013},
  doi =           {10.1142/S0217751X13300354},
}

@techreport{LHCTDR,
  author =        {Br\"uning, Oliver Sim and others},
  institution =   {CERN},
  number =        {CERN-2004-003-V-1},
  title =         {LHC Design Report},
  year =          {2004},
  url =           {https://cds.cern.ch/record/782076},
}

@article{1983398,
  author =        {G. Arnison and others},
  journal =       {Phys. Lett. B},
  pages =         {398},
  title =         {Experimental observation of lepton pairs of invariant
                   mass around 95 GeV/c$^2$ at the CERN SPS collider},
  volume =        {126},
  year =          {1983},
  doi =           {http://dx.doi.org/10.1016/0370-2693(83)90188-0},
}

@article{atlasexp,
  author =        {{ATLAS Collaboration}},
  journal =       {JINST.},
  pages =         {S08003},
  title =         {The ATLAS Experiment at the CERN LHC},
  volume =        {3},
  year =          {2008},
  doi =           {10.1088/1748-0221/3/08/S08003},
}

@article{cmsexp,
  author =        {{CMS Collaboration}},
  journal =       {JINST},
  pages =         {S08004},
  title =         {{The CMS experiment at the CERN LHC}},
  volume =        {3},
  year =          {2008},
  doi =           {10.1088/1748-0221/3/08/S08004},
}

@article{aliceexp,
  author =        {{ALICE Collaboration}},
  journal =       {JINST},
  pages =         {S08002},
  title =         {{The ALICE experiment at the CERN LHC}},
  volume =        {3},
  year =          {2008},
  doi =           {10.1088/1748-0221/3/08/S08002},
}

@article{lhcbexp,
  author =        {{LHCb Collaboration}},
  journal =       {JINST},
  pages =         {S08005},
  title =         {{The LHCb Detector at the LHC}},
  volume =        {3},
  year =          {2008},
  doi =           {10.1088/1748-0221/3/08/S08005},
}

@techreport{Asner:1984jv,
  author =        {Asner, A. and others},
  number =        {CERN-84-10-V-1},
  title =         {{ECFA-CERN Workshop on large hadron collider in the
                   LEP tunnel}},
  year =          {1984},
  url =           {https://cds.cern.ch/record/154938},
}

@techreport{CERN1984,
  address =       {Geneva},
  author =        {CERN},
  institution =   {CERN},
  number =        {CERN-LEP-84-01},
  title =         {{LEP design report}},
  year =          {1984},
  url =           {http://cds.cern.ch/record/102083},
}

@techreport{ATLAS-CONF-2013-083,
  address =       {Geneva},
  author =        {{ATLAS Collaboration}},
  institution =   {CERN},
  number =        {ATLAS-CONF-2013-083},
  title =         {{Pile-up subtraction and suppression for jets in
                   ATLAS}},
  year =          {2013},
  url =           {https://cds.cern.ch/record/1570994},
}

@article{Aad:2013ucp,
  author =        {{ATLAS Collaboration}},
  journal =       {Eur. Phys. J. C},
  pages =         {2518},
  title =         {{Improved luminosity determination in pp collisions
                   at $\sqrt{s} = 7$~TeV using the ATLAS detector at the
                   LHC}},
  volume =        {73},
  year =          {2013},
  doi =           {10.1140/epjc/s10052-013-2518-3},
}

@Electronic{ATLASLumiPlots,
  author =        {{ATLAS Collaboration}},
  month =         {November},
  title =         {Luminosity Public Results},
  year =          {2015},
  url =           {https://twiki.cern.ch/twiki/bin/view/AtlasPublic/
                  LuminosityPublicResults},
}

@Electronic{LHCcurr,
  author =        {{CERN}},
  month =         {November},
  title =         {LHC Performance and Statistics},
  year =          {2015},
  url =           {https://acc-stats.web.cern.ch/acc-stats/},
}

@techreport{idtdr1,
  address =       {Geneva},
  author =        {{ATLAS Collaboration}},
  institution =   {CERN},
  number =        {CERN-LHCC-97-016},
  title =         {{ATLAS Inner Detector: Technical Design Report 1}},
  year =          {1997},
  url =           {https://cdsweb.cern.ch/record/331063},
}

@techreport{idtdr2,
  address =       {Geneva},
  author =        {{ATLAS Collaboration}},
  institution =   {CERN},
  number =        {CERN-LHCC-97-017},
  title =         {{ATLAS Inner Detector: Technical Design Report 2}},
  year =          {1997},
  url =           {https://cdsweb.cern.ch/record/331064},
}

@techreport{calo,
  address =       {Geneva},
  author =        {{ATLAS Collaboration}},
  institution =   {CERN},
  number =        {CERN-LHCC-96-040},
  title =         {{ATLAS Calorimeter Performance: Technical Design
                   Report}},
  year =          {1996},
  url =           {https://cdsweb.cern.ch/record/331059},
}

@techreport{LAr,
  author =        {{ATLAS Collaboration}},
  institution =   {CERN},
  number =        {CERN-LHCC-96-041},
  title =         {{ATLAS Liquid-Argon Calorimeter: Technical Design
                   Report}},
  year =          {1996},
  url =           {https://cdsweb.cern.ch/record/331061},
}

@techreport{Tile,
  author =        {{ATLAS Collaboration}},
  institution =   {CERN},
  number =        {CERN-LHCC-96-042},
  title =         {{ATLAS Tile Calorimeter: Technical Design Report}},
  year =          {1996},
  url =           {https://cdsweb.cern.ch/record/331062},
}

@techreport{muon1,
  address =       {Geneva},
  author =        {{ATLAS Collaboration}},
  institution =   {CERN},
  number =        {CERN-LHCC-97-022},
  title =         {{ATLAS Muon Spectrometer: Technical Design Report}},
  year =          {1997},
  url =           {https://cdsweb.cern.ch/record/331068},
}

@techreport{muon2,
  address =       {Geneva},
  author =        {{ATLAS Collaboration}},
  institution =   {CERN},
  number =        {CERN-LHCC-97-047},
  title =         {{Review of the ATLAS Muon TDR}},
  year =          {1997},
  url =           {https://cdsweb.cern.ch/record/338656},
}

@Electronic{ATLASpublic,
  author =        {{ATLAS Collaboration}},
  month =         {September},
  title =         {ATLAS Photos},
  year =          {2015},
  url =           {http://www.atlas.ch/photos/index.html},
}

@techreport{pixeltdr,
  address =       {Geneva},
  author =        {{ATLAS Collaboration}},
  number =        {CERN-LHCC-98-013},
  publisher =     {CERN},
  series =        {Technical Design Report ATLAS},
  title =         {{ATLAS pixel detector: Technical Design Report}},
  year =          {1998},
  url =           {http://cds.cern.ch/record/381263},
}

@article{sctpaper,
  author =        {A. Ahmad and others},
  journal =       {Nucl. Instr. Meth. A},
  pages =         {98},
  title =         {The silicon microstrip sensors of the ATLAS
                   semiconductor tracker},
  volume =        {578},
  year =          {2007},
  doi =           {10.1016/j.nima.2007.04.157},
}

@article{trt,
  author =        {{E. Abat et al.}},
  journal =       {JINST},
  pages =         {2013},
  title =         {The ATLAS Transition Radiation Tracker (TRT)
                   proportional drift tube: design and performance},
  volume =        {3},
  year =          {2008},
  doi =           {10.1088/1748-0221/3/02/P02013},
}

@techreport{Magnet1,
  author =        {{ATLAS Collaboration}},
  institution =   {CERN},
  number =        {CERN-LHCC-97-018},
  title =         {{ATLAS Magnet System: Technical Design Report}},
  year =          {1997},
  url =           {https://cdsweb.cern.ch/record/338080},
}

@article{Dittmaier:2012nh,
  author =        {Dittmaier, S. and others},
  journal =       {Prog. Part. Nucl. Phys.},
  pages =         {1},
  title =         {{The Higgs Boson in the Standard Model - From LEP to
                   LHC: Expectations, Searches, and Discovery of a
                   Candidate}},
  volume =        {70},
  year =          {2013},
  doi =           {10.1016/j.ppnp.2013.02.001},
}

@techreport{ATLASCSC,
  author =        {{ATLAS Collaboration}},
  number =        {CERN-OPEN-2008-020},
  title =         {{Expected Performance of the ATLAS Experiment
                   Detector, Trigger and Physics}},
  year =          {2008},
  url =           {http://cds.cern.ch/record/1125884},
}

@Electronic{WLCGwebsite,
  author =        {{CERN}},
  month =         {December},
  title =         {Worldwide LHC Computing Grid},
  year =          {2015},
  url =           {http://wlcg.web.cern.ch/},
}

@techreport{CERN-LHCC-2011-012,
  address =       {Geneva},
  author =        {{ATLAS Collaboration}},
  institution =   {CERN},
  number =        {CERN-LHCC-2011-012},
  title =         {{Letter of Intent for the Phase-I Upgrade of the
                   ATLAS Experiment}},
  year =          {2011},
  url =           {https://cds.cern.ch/record/1402470},
}

@techreport{IBL-TDR,
  address =       {Geneva},
  author =        {{ATLAS Collaboration}},
  institution =   {CERN},
  number =        {CERN-LHCC-2010-013},
  title =         {{ATLAS Insertable B-Layer Technical Design Report}},
  year =          {2010},
  url =           {https://cds.cern.ch/record/1291633},
}

@article{GarciaSciveres2010,
  author =        {M. Garcia-Sciveres and others},
  journal =       {Nucl. Instr. Meth. A},
  pages =         {155},
  title =         {The FE-I4 pixel readout integrated circuit},
  volume =        {636},
  year =          {2011},
  doi =           {10.1016/j.nima.2010.04.101},
}

@article{Peric2006178,
  author =        {{L. Blanquart et al.}},
  journal =       {Nucl. Instr. Meth. A},
  pages =         {178},
  title =         {The FEI3 readout chip for the ATLAS pixel detector},
  volume =        {565},
  year =          {2006},
  doi =           {http://dx.doi.org/10.1016/j.nima.2006.05.032},
  issn =          {0168-9002},
}

@article{Parker3D,
  author =        {S.I. Parker and others},
  journal =       {Nucl. Instr. Meth. A},
  pages =         {328},
  title =         {{3D - A proposed new architecture for solid-state
                   radiation detectors}},
  volume =        {395},
  year =          {1997},
  doi =           {10.1016/S0168-9002(97)00694-3},
}

@techreport{Pernegger:1985432,
  address =       {Geneva},
  author =        {Pernegger, Heinz},
  institution =   {CERN},
  number =        {ATL-INDET-PROC-2015-001},
  title =         {{The Pixel Detector of the ATLAS Experiment for LHC
                   Run-2}},
  year =          {2015},
  url =           {https://cds.cern.ch/record/1985432},
}

@techreport{LaRosa:1956433,
  author =        {La Rosa, Alessandro},
  institution =   {CERN},
  number =        {ATL-INDET-PROC-2014-007},
  title =         {{ATLAS Pixel Detector: Operational Experience and
                   Run-1 to Run-2 Transition}},
  year =          {2014},
  url =           {https://cds.cern.ch/record/1956433},
}

@article{USBPix,
  author =        {M. Backhaus and others},
  journal =       {Nucl. Instr. Meth. A},
  pages =         {37},
  title =         {{Development of a versatile and modular test system
                   for ATLAS hybrid pixel detectors}},
  volume =        {650},
  year =          {2011},
  doi =           {http://dx.doi.org/10.1016/j.nima.2010.12.087},
}

@article{1748-0221-3-05-P05006,
  author =        {A. {Barriuso Poy} and others},
  journal =       {JINST},
  pages =         {P05006},
  title =         {The detector control system of the ATLAS experiment},
  volume =        {3},
  year =          {2008},
  doi =           {10.1088/1748-0221/3/05/P05006},
}

@Electronic{ATLASPixelPlots,
  author =        {{ATLAS Collaboration}},
  month =         {November},
  title =         {Cosmics and Calibration Approved Pixel Plots},
  year =          {2015},
  url =           {https://twiki.cern.ch/twiki/bin/view/AtlasPublic/
                  ApprovedPlotsPixel},
}

@techreport{ATL-INDET-PUB-2014-006,
  address =       {Geneva},
  author =        {{ATLAS Collaboration}},
  institution =   {CERN},
  number =        {ATL-INDET-PUB-2014-006},
  title =         {{ATLAS Pixel IBL: Stave Quality Assurance}},
  year =          {2014},
  url =           {https://cds.cern.ch/record/1754509},
}

@techreport{BilbaoDeMendizabal:1984087,
  address =       {Geneva},
  author =        {Bilbao De Mendizabal and others},
  institution =   {CERN},
  note =          {ATLAS internal},
  number =        {ATL-COM-INDET-2015-006},
  title =         {{IBL Module Loading onto Stave and Quality Check}},
  year =          {2015},
  url =           {https://cds.cern.ch/record/1984087},
}

@Electronic{ATLASRun2EventDisplays,
  author =        {{ATLAS Collaboration}},
  month =         {November},
  title =         {Event Displays from Non-Collision Data},
  year =          {2015},
  url =           {https://twiki.cern.ch/twiki/bin/view/AtlasPublic/
                  EventDisplayRun2Start},
}

@article{Aad:2015nba,
  author =        {{ATLAS Collaboration}},
  journal =       {Eur. Phys. J. C},
  pages =         {330},
  title =         {{Measurement of the top quark mass in the
                   $t\bar{t}\rightarrow \text{ lepton+jets } $ and
                   $t\bar{t}\rightarrow \text{ dilepton } $ channels
                   using $\sqrt{s}=7$ ${\mathrm { TeV}}$ ATLAS data}},
  volume =        {75},
  year =          {2015},
  doi =           {10.1140/epjc/s10052-015-3544-0},
}

@article{Brun199781,
  author =        {Rene Brun and Fons Rademakers},
  journal =       {Nucl. Instr. Meth. A},
  pages =         {81},
  title =         {Root -- An object oriented data analysis framework},
  volume =        {389},
  year =          {1997},
  doi =           {http://dx.doi.org/10.1016/S0168-9002(97)00048-X},
}

@techreport{Acharya:1472525,
  address =       {Geneva},
  author =        {{ATLAS Collaboration}},
  institution =   {CERN},
  note =          {ATLAS internal},
  number =        {ATL-COM-PHYS-2012-1197},
  title =         {{Object selection and calibration, background
                   estimations and MC samples for the Autumn 2012 Top
                   Quark analyses with 2011 data}},
  year =          {2012},
  url =           {https://cds.cern.ch/record/1472525},
}

@article{CERN-PH-EP-2014-040,
  author =        {{ATLAS Collaboration}},
  journal =       {Eur. Phys. J. C},
  pages =         {2941},
  title =         {{Electron reconstruction and identification
                   efficiency measurements with the ATLAS detector using
                   the 2011 LHC proton-proton collision data}},
  volume =        {74},
  year =          {2014},
  doi =           {10.1140/epjc/s10052-014-2941-0},
}

@article{CERN-PH-EP-2014-151,
  author =        {{ATLAS Collaboration}},
  journal =       {Eur. Phys. J. C},
  pages =         {3130},
  title =         {{Measurement of the muon reconstruction performance
                   of the ATLAS detector using 2011 and 2012 LHC
                   proton-proton collision data}},
  volume =        {74},
  year =          {2014},
  doi =           {10.1140/epjc/s10052-014-3130-x},
}

@techreport{Lampl:1099735,
  author =        {W. Lampl and others},
  number =        {ATL-LARG-PUB-2008-002},
  title =         {Calorimeter Clustering Algorithms: Description and
                   Performance},
  year =          {2008},
  url =           {http://cdsweb.cern.ch/record/1099735},
}

@article{CAC-0801,
  author =        {M. Cacciari and others},
  journal =       {JHEP},
  pages =         {63},
  title =         {The anti-$k_{t}$ jet clustering algorithm},
  volume =        {04},
  year =          {2008},
  doi =           {10.1088/1126-6708/2008/04/063},
}

@article{ATLASCollaboration2015b,
  author =        {{ATLAS Collaboration}},
  journal =       {Eur. Phys. J. C},
  pages =         {17},
  title =         {Jet energy measurement and its systematic uncertainty
                   in proton-proton collisions at $\sqrt{s}=7$ TeV with
                   the ATLAS detector},
  volume =        {75},
  year =          {2015},
  doi =           {10.1140/epjc/s10052-014-3190-y},
}

@techreport{ATLAS-CONF-2012-20,
  author =        {{ATLAS Collaboration}},
  number =        {ATLAS-CONF-2012-20},
  title =         {Selection of jets produced in proton-proton
                   collisions with the ATLAS detector using 2011 data},
  year =          {2012},
  url =           {http://cds.cern.ch/record/1430034},
}

@article{ATLAS-MET-NEW,
  author =        {{ATLAS collaboration}},
  journal =       {Eur. Phys. J. C},
  pages =         {1844},
  title =         {Performance of missing transverse momentum
                   reconstruction in proton-proton collisions at
                   $\sqrt{s} = 7$~TeV with ATLAS},
  volume =        {72},
  year =          {2012},
  doi =           {10.1140/epjc/s10052-011-1844-6},
}

@article{Aad:2015ydr,
  author =        {{ATLAS Collaboration}},
  note =          {To be published in JHEP},
  title =         {{Performance of $b$-Jet Identification in the ATLAS
                   Experiment}},
  year =          {2015},
}

@article{FRI-0701,
  author =        {Frixione, S and others},
  journal =       {JHEP},
  pages =         {70},
  title =         {Matching NLO QCD computations with Parton Shower
                   simulations: the POWHEG method},
  volume =        {11},
  year =          {2007},
  doi =           {10.1088/1126-6708/2007/11/070},
}

@article{LAI-1001,
  author =        {Lai, H L and others},
  journal =       {Phys. Rev. D},
  pages =         {74024},
  title =         {{New parton distributions for collider physics}},
  volume =        {82},
  year =          {2010},
  doi =           {10.1103/PhysRevD.82.074024},
}

@article{SAMPLES-ACER,
  author =        {Kersevan, Borut Paul and Richter-Was, Elzbieta},
  journal =       {Comp. Phys. Com.},
  pages =         {919},
  title =         {{The Monte Carlo event generator AcerMC versions 2.0
                   to 3.8 with interfaces to PYTHIA 6.4, HERWIG 6.5 and
                   ARIADNE 4.1}},
  volume =        {184},
  year =          {2013},
  doi =           {10.1016/j.cpc.2012.10.032},
}

@article{Skands,
  author =        {P. Z. Skands},
  journal =       {Phys. Rev. D},
  note =          {Consult the E-print version for updates},
  pages =         {74018},
  title =         {{Tuning Monte Carlo Generators: The Perugia Tunes}},
  volume =        {82},
  year =          {2010},
  doi =           {10.1103/PhysRevD.82.074018},
}

@article{SJO-0601,
  author =        {Mrenna, S and others},
  journal =       {JHEP},
  pages =         {26},
  title =         {PYTHIA 6.4 Physics and Manual},
  volume =        {05},
  year =          {2006},
  doi =           {10.1088/1126-6708/2006/05/026},
}

@article{CAC-1101,
  author =        {Cacciari, M and others},
  journal =       {Phys. Lett. B},
  pages =         {612},
  title =         {Top-pair production at hadron colliders with
                   next-to-next-to-leading logarithmic soft-gluon
                   resummation},
  volume =        {710},
  year =          {2012},
  doi =           {10.1016/j.physletb.2012.03.013},
}

@article{PRL-109-132001,
  author =        {B\"{a}rnreuther, P and others},
  journal =       {Phys. Rev. Lett.},
  pages =         {132001},
  title =         {{Percent Level Precision Physics at the Tevatron:
                   First Genuine NNLO QCD Corrections to $q\bar{q} \to
                   t\bar{t} + X$}},
  volume =        {109},
  year =          {2012},
  doi =           {10.1103/PhysRevLett.109.132001},
}

@article{JHEP-1212,
  author =        {{M.~Czakon and A.~Mitov}},
  journal =       {JHEP},
  pages =         {54},
  title =         {{NNLO corrections to top-pair production at hadron
                   colliders: the all-fermionic scattering channels}},
  volume =        {12},
  year =          {2012},
  doi =           {10.1007/JHEP12(2012)054},
}

@article{JHEP-1301,
  author =        {{M.~Czakon and A.~Mitov}},
  journal =       {JHEP},
  pages =         {80},
  title =         {{NNLO corrections to top pair production at hadron
                   colliders: the quark-gluon reaction}},
  volume =        {01},
  year =          {2013},
  doi =           {10.1007/JHEP01(2013)080},
}

@article{CZA-1101,
  author =        {{M. Czakon and A. Mitov}},
  journal =       {Comp. Phys. Com.},
  pages =         {2930},
  title =         {Top++: a program for the calculation of the top-pair
                   cross-section at hadron colliders},
  volume =        {185},
  year =          {2014},
  doi =           {10.1016/j.cpc.2014.06.021},
}

@article{Kidonakis:2011wy,
  author =        {Kidonakis, Nikolaos},
  journal =       {Phys. Rev. D},
  pages =         {91503},
  title =         {{Next-to-next-to-leading-order collinear and soft
                   gluon corrections for t-channel single top quark
                   production}},
  volume =        {83},
  year =          {2011},
  doi =           {10.1103/PhysRevD.83.091503},
}

@article{Kidonakis:2010ux,
  author =        {Kidonakis, Nikolaos},
  journal =       {Phys. Rev. D},
  pages =         {54018},
  title =         {{Two-loop soft anomalous dimensions for single top
                   quark associated production with a $W^-$ or $H^-$}},
  volume =        {82},
  year =          {2010},
  doi =           {10.1103/PhysRevD.82.054018},
}

@article{Kidonakis:2010tc,
  author =        {Kidonakis, Nikolaos},
  journal =       {Phys. Rev. D},
  pages =         {54028},
  title =         {{NNLL resummation for s-channel single top quark
                   production}},
  volume =        {81},
  year =          {2010},
  doi =           {10.1103/PhysRevD.81.054028},
}

@article{MAN-0301,
  author =        {{M. L. Mangano} and others},
  journal =       {JHEP},
  pages =         {1},
  title =         {ALPGEN, a generator for hard multiparton processes in
                   hadronic collisions},
  volume =        {07},
  year =          {2003},
  doi =           {10.1088/1126-6708/2003/07/001},
}

@article{COR-0001,
  author =        {{G. Corcella} and others},
  journal =       {JHEP},
  pages =         {10},
  title =         {HERWIG 6.5: An Event generator for hadron emission
                   reactions with interfering gluons (including
                   supersymmetric processes)},
  volume =        {01},
  year =          {2001},
  doi =           {10.1088/1126-6708/2001/01/010},
}

@article{SAMPLES-JIMMY,
  author =        {Butterworth, J.M. and others},
  journal =       {Z. Phys. C},
  pages =         {637},
  title =         {{Multiparton interactions in photoproduction at
                   HERA}},
  volume =        {72},
  year =          {1996},
  doi =           {10.1007/s002880050286},
}

@techreport{ATL-PHYS-PUB-2011-008,
  author =        {{ATLAS Collaboration}},
  number =        {ATL-PHYS-PUB-2011-008},
  title =         {New ATLAS event generator tunes to 2010 data},
  year =          {2011},
  url =           {http://cds.cern.ch/record/1345343},
}

@Electronic{TwikiHFOR,
  author =        {{ATLAS Collaboration}},
  month =         {March},
  note =          {{ATLAS internal}},
  title =         {Heavy Flavor Overlap Removal Tool},
  year =          {2015},
  url =           {https://twiki.cern.ch/twiki/bin/view/AtlasProtected/
                  HforTool},
}

@techreport{ATL-PHYS-PUB-2011-009,
  author =        {{ATLAS Collaboration}},
  number =        {ATL-PHYS-PUB-2011-009},
  title =         {ATLAS tunes of PYTHIA6 and Pythia 8 for MC11},
  year =          {2011},
  url =           {http://cds.cern.ch/record/1363300},
}

@article{WT-ATLAS-SIMULATION-PAPER,
  author =        {{ATLAS Collaboration}},
  journal =       {Eur. Phys. J. C},
  pages =         {823},
  title =         {{The ATLAS Simulation Infrastructure}},
  volume =        {70},
  year =          {2010},
  doi =           {10.1140/epjc/s10052-010-1429-9},
}

@article{AGO-0301,
  author =        {Agostinelli, S. and others},
  journal =       {Nucl. Instr. Meth. A},
  pages =         {250},
  title =         {{GEANT4: A simulation toolkit}},
  volume =        {506},
  year =          {2003},
  doi =           {10.1016/S0168-9002(03)01368-8},
}

@techreport{Richter-Was:683751,
  author =        {Froidevaux, D and others},
  institution =   {CERN},
  number =        {ATL-PHYS-98-131},
  title =         {{ATLFAST 2.0 a fast simulation package for ATLAS}},
  year =          {1998},
  url =           {http://cds.cern.ch/record/683751},
}

@article{Aad:2010ey,
  author =        {{ATLAS Collaboration}},
  journal =       {Eur. Phys. J. C},
  pages =         {1577},
  title =         {{Measurement of the top quark-pair production cross
                   section with ATLAS in pp collisions at
                   $\sqrt{s}=7$~TeV}},
  volume =        {71},
  year =          {2011},
  doi =           {10.1140/epjc/s10052-011-1577-6},
}

@article{PhysRevD.92.032003,
  author =        {{T. Aaltonen et al. (CDF Collaboration)}},
  journal =       {Phys. Rev. D},
  pages =         {32003},
  publisher =     {American Physical Society},
  title =         {Measurement of the top-quark mass in the
                   $t\overline{t}$ dilepton channel using the full CDF
                   Run II data set},
  volume =        {92},
  year =          {2015},
  doi =           {10.1103/PhysRevD.92.032003},
}

@techreport{CMS-PAS-TOP-14-010,
  address =       {Geneva},
  author =        {{CMS Collaboration}},
  institution =   {CERN},
  number =        {CMS-PAS-TOP-14-010},
  title =         {{Measurement of the Top Quark Mass in Dilepton
                   $t\overline{t}$ Decays at $\sqrt{s} = 8$~TeV}},
  year =          {2014},
  url =           {https://cds.cern.ch/record/1757467},
}

@article{D0:2015dxa,
  author =        {{V. M. Abazov et al. (D0 Collaboration) }},
  journal =       {Phys. Lett. B},
  pages =         {18},
  title =         {Precise measurement of the top quark mass in dilepton
                   decays using optimized neutrino weighting},
  volume =        {752},
  year =          {2016},
  doi =           {http://dx.doi.org/10.1016/j.physletb.2015.10.086},
  issn =          {0370-2693},
}

@techreport{Maier2012,
  author =        {Andreas A. Maier},
  note =          {Diploma thesis},
  number =        {MPP-2012-160},
  title =         {Investigations towards a Measurement of the Top-Quark
                   Mass in dileptonic Decay Channels of Top-Antitop
                   Quark Pairs at ATLAS},
  year =          {2012},
  url =           {https://publications.mppmu.mpg.de/2012/MPP-2012-160/
                  FullText.pdf},
}

@techreport{BarlowCF,
  author =        {{R. J. Barlow}},
  number =        {MAN/HEP/99/4},
  title =         {Application of the Bootstrap resampling technique to
                   Particle Physics experiments},
  year =          {1999},
  url =           {http://www.hep.man.ac.uk/preprints/1999.html},
}

@article{Barlow:2002yb,
  author =        {Barlow, Roger},
  number =        {MAN/HEP/02/01},
  title =         {{Systematic errors: Facts and fictions}},
  year =          {2002},
}

@article{FRI-0201,
  author =        {Frixione, S and Webber, B R},
  journal =       {JHEP},
  pages =         {029},
  title =         {Matching NLO QCD computations and parton shower
                   simulations},
  volume =        {06},
  year =          {2002},
  doi =           {10.1088/1126-6708/2002/06/029},
}

@article{FRI-0301,
  author =        {Frixione, S and others},
  journal =       {JHEP},
  pages =         {007},
  title =         {Matching NLO QCD and parton showers in heavy flavour
                   production},
  volume =        {08},
  year =          {2003},
  doi =           {10.1088/1126-6708/2003/08/007},
}

@article{ATLASCollaboration2015,
  author =        {{ATLAS Collaboration}},
  journal =       {JHEP},
  pages =         {20},
  title =         {{Measurement of the $ t\overline{t} $ production
                   cross-section as a function of jet multiplicity and
                   jet transverse momentum in 7 TeV proton-proton
                   collisions with the ATLAS detector}},
  volume =        {01},
  year =          {2015},
  doi =           {10.1007/JHEP01(2015)020},
}

@article{ATL-PHYS-INT-2014-001,
  author =        {{ATLAS Collaboration}},
  journal =       {ATL-PHYS-INT-2014-001},
  note =          {{ATLAS internal}},
  title =         {{The impact of the simulation of the top-quark and
                   W-boson widths on measurements of the top-quark
                   mass}},
  year =          {2014},
}

@techreport{ATL-PHYS-PUB-2015-042,
  address =       {Geneva},
  author =        {{ATLAS Collaboration}},
  institution =   {CERN},
  number =        {ATL-PHYS-PUB-2015-042},
  title =         {{Impact of fragmentation modelling on the top quark
                   mass measurement using the ATLAS detector}},
  year =          {2015},
  url =           {https://cds.cern.ch/record/2054420},
}

@article{ATL-2012-033,
  author =        {{ATLAS Collaboration}},
  journal =       {Eur. Phys. J. C},
  pages =         {2043},
  title =         {Measurement of $t\bar t$ production with a veto on
                   additional central jet activity in $pp$ collisions at
                   $\sqrt{s}=7$~TeV using the ATLAS detector},
  volume =        {72},
  year =          {2012},
  doi =           {10.1140/epjc/s10052-012-2043-9},
}

@article{cteq5l,
  author =        {Lai, H. L. and others},
  journal =       {Eur. Phys. J. C},
  pages =         {375},
  title =         {Global QCD Analysis of Parton Structure of the
                   Nucleon: CTEQ5 Parton Distributions},
  volume =        {12},
  year =          {2000},
  doi =           {10.1007/s100529900196},
}

@article{MAR-0901,
  author =        {{A.~D. Martin} and others},
  journal =       {Eur. Phys. J. C},
  pages =         {189},
  title =         {Parton distributions for the LHC},
  volume =        {63},
  year =          {2009},
  doi =           {10.1140/epjc/s10052-009-1072-5},
}

@article{Ball:2012cx,
  author =        {{R.~D. Ball} and others},
  journal =       {Nucl. Phys. B},
  pages =         {244},
  title =         {{Parton distributions with LHC data}},
  volume =        {867},
  year =          {2013},
  doi =           {10.1016/j.nuclphysb.2012.10.003},
}

@article{CERN-PH-EP-2012-015,
  author =        {{ATLAS Collaboration}},
  journal =       {Eur. Phys. J. C},
  pages =         {2039},
  title =         {{Measurement of the charge asymmetry in top quark
                   pair production in $pp$ collisions at $\sqrt{s}=7$
                   TeV using the ATLAS detector}},
  volume =        {72},
  year =          {2012},
  doi =           {10.1140/epjc/s10052-012-2039-5},
}

@techreport{ATLAS-CONF-2014-058,
  address =       {Geneva},
  author =        {{ATLAS Collaboration}},
  institution =   {CERN},
  number =        {ATLAS-CONF-2014-058},
  title =         {{Estimation of non-prompt and fake lepton backgrounds
                   in final states with top quarks produced in
                   proton-proton collisions at $\sqrt{s}=8$~TeV with the
                   ATLAS detector}},
  year =          {2014},
  url =           {http://cds.cern.ch/record/1951336},
}

@article{Aad:1489592,
  author =        {{ATLAS Collaboration}},
  journal =       {Eur. Phys. J. C},
  pages =         {2306},
  title =         {{Jet energy resolution in proton-proton collisions at
                   $\sqrt{s}=7$ TeV recorded in 2010 with the ATLAS
                   detector}},
  volume =        {73},
  year =          {2013},
  doi =           {10.1140/epjc/s10052-013-2306-0},
}

@article{Aad:1409965,
  author =        {{ATLAS Collaboration}},
  journal =       {Eur. Phys. J. C},
  pages =         {2304},
  title =         {{Jet energy measurement with the ATLAS detector in
                   proton-proton collisions at $\sqrt{s}=7$ TeV}},
  volume =        {73},
  year =          {2013},
  doi =           {10.1140/epjc/s10052-013-2304-2},
}

@techreport{Acharya:1563201,
  address =       {Geneva},
  author =        {{ATLAS Collaboration}},
  institution =   {CERN},
  note =          {ATLAS internal},
  number =        {ATL-COM-PHYS-2013-1016},
  title =         {{Object selection and calibration, background
                   estimations and MC samples for top quark analyses
                   using the full 2012 data set}},
  year =          {2013},
  url =           {https://cds.cern.ch/record/1563201},
}

@article{ATLASCollaboration2014b,
  author =        {{ATLAS Collaboration}},
  journal =       {Eur. Phys. J. C},
  pages =         {3071},
  publisher =     {Springer Berlin Heidelberg},
  title =         {Electron and photon energy calibration with the ATLAS
                   detector using LHC Run 1 data},
  volume =        {74},
  year =          {2014},
  doi =           {10.1140/epjc/s10052-014-3071-4},
  eid =           {3071},
  issn =          {1434-6044},
  language =      {English},
}

@article{Rehermann2011,
  author =        {Rehermann, Keith and Tweedie, Brock},
  journal =       {JHEP},
  pages =         {59},
  publisher =     {Springer-Verlag},
  title =         {Efficient identification of boosted semileptonic top
                   quarks at the LHC},
  volume =        {03},
  year =          {2011},
  doi =           {10.1007/JHEP03(2011)059},
  eid =           {59},
  language =      {English},
}

@article{Barr:2003rg,
  author =        {Barr, Alan and others},
  journal =       {J. Phys. G},
  pages =         {2343},
  title =         {{m(T2): The Truth behind the glamour}},
  volume =        {29},
  year =          {2003},
  doi =           {10.1088/0954-3899/29/10/304},
}

@article{Lester:1999tx,
  author =        {Lester, C. G. and Summers, D. J.},
  journal =       {Phys. Lett. B},
  pages =         {99},
  title =         {{Measuring masses of semiinvisibly decaying particles
                   pair produced at hadron colliders}},
  volume =        {463},
  year =          {1999},
  doi =           {10.1016/S0370-2693(99)00945-4},
}

@article{Hocker:2007ht,
  author =        {H\"ocker, Andreas and others},
  journal =       {PoS (ACAT)},
  pages =         {40},
  title =         {{TMVA: Toolkit for Multivariate Data Analysis}},
  year =          {2007},
}

@book{TreeSeparation,
  author =        {Breiman, L. and others},
  note =          {ISBN 0412048418},
  publisher =     {Wadsworth},
  title =         {Classification and Regression Trees},
  year =          {1984},
}

@techreport{ATL-PHYS-PUB-2015-002,
  author =        {{ATLAS Collaboration}},
  institution =   {CERN},
  number =        {ATL-PHYS-PUB-2015-002},
  title =         {{Comparison of Monte Carlo generator predictions to
                   ATLAS measurements of top pair production at 7 TeV}},
  year =          {2015},
  url =           {http://cds.cern.ch/record/1981319},
}

@article{Aad:1993530,
  author =        {{ATLAS Collaboration}},
  journal =       {JHEP},
  pages =         {100},
  title =         {{Differential top--antitop cross-section measurements
                   as a function of observables constructed from
                   final-state particles using pp collisions at
                   $\sqrt{s}=7$ TeV in the ATLAS detector}},
  volume =        {06},
  year =          {2015},
  doi =           {10.1007/JHEP06(2015)100},
}

@article{Czakon:2015owf,
  author =        {Czakon, Michal and others},
  title =         {{High-precision differential predictions for
                   top-quark pairs at the LHC}},
  year =          {2015},
}

@techreport{ATLAS-CONF-2015-037,
  address =       {Geneva},
  author =        {{ATLAS Collaboration}},
  institution =   {CERN},
  number =        {ATLAS-CONF-2015-037},
  title =         {{Monte Carlo Calibration and Combination of In-situ
                   Measurements of Jet Energy Scale, Jet Energy
                   Resolution and Jet Mass in ATLAS}},
  year =          {2015},
  url =           {https://cds.cern.ch/record/2044941},
}

@techreport{ATLAS-CONF-2015-057,
  address =       {Geneva},
  author =        {{ATLAS Collaboration}},
  institution =   {CERN},
  number =        {ATLAS-CONF-2015-057},
  title =         {{Determination of the jet energy scale and resolution
                   at ATLAS using ${Z/\gamma}$--jet events in data at
                   $\sqrt{s}=8$ TeV}},
  year =          {2015},
  url =           {http://cds.cern.ch/record/2059846},
}

@techreport{ATLAS-CONF-2015-017,
  address =       {Geneva},
  author =        {{ATLAS Collaboration}},
  institution =   {CERN},
  number =        {ATLAS-CONF-2015-017},
  title =         {{Data-driven determination of the energy scale and
                   resolution of jets reconstructed in the ATLAS
                   calorimeters using dijet and multijet events at
                   $\sqrt{s\ }=8~TeV$}},
  year =          {2015},
  url =           {https://cds.cern.ch/record/2008678},
}

@Electronic{JESRecommendations2012Twiki,
  author =        {{ATLAS Collaboration}},
  month =         {October},
  note =          {{ATLAS internal}},
  title =         {Final 2012 data JES recommendations},
  year =          {2015},
  url =           {https://twiki.cern.ch/twiki/bin/viewauth/AtlasProtected/
                  JetUncertainties2012Final},
}

@techreport{ATLAS-CONF-2014-004,
  author =        {{ATLAS Collaboration}},
  number =        {ATLAS-CONF-2014-004},
  title =         {{Calibration of $b$-tagging using dileptonic top pair
                   events in a combinatorial likelihood approach with
                   the ATLAS experiment}},
  year =          {2014},
  url =           {http://cdsweb.cern.ch/record/1664335},
}

@techreport{RossiHLLHC,
  address =       {Geneva},
  author =        {Rossi, L and Br\"uning, O},
  institution =   {CERN},
  number =        {CERN-ATS-2012-236},
  title =         {High Luminosity Large Hadron Collider A description
                   for the European Strategy Preparatory Group},
  year =          {2012},
  url =           {https://cdsweb.cern.ch/record/1471000},
}

@techreport{CMS-PAS-FTR-13-017,
  address =       {Geneva},
  author =        {{CMS Collaboration}},
  institution =   {CERN},
  number =        {CMS-PAS-FTR-13-017},
  title =         {{Projected improvement of the accuracy of top-quark
                   mass measurements at the upgraded LHC}},
  year =          {2013},
  url =           {https://cds.cern.ch/record/1605627},
}

@techreport{Top2015combinissues,
  address =       {Geneva},
  author =        {{A. A. Maier on behalf of the ATLAS and
                   CMS Collaborations}},
  institution =   {CERN},
  note =          {To be published in Proceedings of Science},
  number =        {ATL-PHYS-PROC-2015-168},
  title =         {{Statistical and systematic treatment issues in top
                   quark mass combinations}},
  year =          {2015},
  url =           {https://cds.cern.ch/record/2110988},
}

@techreport{ATL-PHYS-PUB-2014-020,
  address =       {Geneva},
  author =        {{ATLAS and CMS Collaborations}},
  institution =   {CERN},
  number =        {ATL-PHYS-PUB-2014-020},
  title =         {{Jet energy scale uncertainty correlations between
                   ATLAS and CMS}},
  year =          {2014},
  url =           {https://cds.cern.ch/record/1956734},
}

@techreport{LHC2013,
  author =        {{ATLAS and CMS Collaborations}},
  number =        {ATLAS-CONF-2013-102},
  title =         {Combination of ATLAS and CMS results on the mass of
                   the top quark using up to 4.9 $\rm{fb}^{-1}$ of data},
  year =          {2013},
  url =           {http://cds.cern.ch/record/1601811},
}

@article{TEWG2014,
  author =        {{Tevatron Electroweak Working Group, CDF and
                   D0 Collaborations}},
  title =         {Combination of CDF and D0 results on the mass of the
                   top quark using up to 9.7 $\rm{fb}^{-1}$ at the
                   Tevatron},
  year =          {2014},
}

@techreport{CMS-PAS-TOP-14-015,
  address =       {Geneva},
  institution =   {CERN},
  number =        {CMS-PAS-TOP-14-015},
  title =         {{Combination of the CMS top-quark mass measurements
                   from Run 1 of the LHC}},
  year =          {2014},
  url =           {https://cds.cern.ch/record/1951019},
}

@article{Khachatryan:2015hba,
  author =        {{CMS Collaboration}},
  note =          {(submitted to Phys. Rev. D)},
  title =         {{Measurement of the top quark mass using
                   proton-proton data at $\sqrt{s}$ = 7 and 8 TeV}},
  year =          {2015},
}

@article{BLUERN,
  author =        {{R. Nisius}},
  journal =       {Eur. Phys. J. C},
  pages =         {3004},
  title =         {On the combination of correlated estimates of a
                   physics observable},
  volume =        {74},
  year =          {2014},
  doi =           {10.1140/epjc/s10052-014-3004-2},
}

@techreport{ATLAS-CONF-2013-046,
  address =       {Geneva},
  author =        {{ATLAS Collaboration}},
  institution =   {CERN},
  note =          {Superseded by~\cite{Aad:2015nba}},
  number =        {ATLAS-CONF-2013-046},
  title =         {{Measurement of the Top Quark Mass from $\sqrt{s}=7$
                   TeV ATLAS Data using a 3-dimensional Template Fit}},
  year =          {2013},
  url =           {https://cds.cern.ch/record/1547327},
}

@techreport{ATLAS-CONF-2013-077,
  address =       {Geneva},
  author =        {{ATLAS Collaboration}},
  institution =   {CERN},
  note =          {Superseded by~\cite{Aad:2015nba}},
  number =        {ATLAS-CONF-2013-077},
  title =         {{Measurement of the Top Quark Mass in Dileptonic Top
                   Quark Pair Decays with $\sqrt{s}=7$ TeV ATLAS Data}},
  year =          {2013},
  url =           {https://cds.cern.ch/record/1562935},
}

@article{BLUE1,
  author =        {Lyons, L. and others},
  journal =       {Nucl. Instr. Meth. A},
  pages =         {110},
  title =         {How to combine correlated estimates of a single
                   physical quantity},
  volume =        {270},
  year =          {1988},
  doi =           {10.1016/0168-9002(88)90018-6},
}

@article{BLUEcpp,
  author =        {{R. Nisius}},
  month =         {October},
  title =         {A ROOT class to combine a number of correlated
                   estimates of one or more observables using the Best
                   Linear Unbiased Estimate method},
  year =          {2015},
  url =           {http://blue.hepforge.org/Bluemanual.pdf},
}

@article{ATL-2012-Mass,
  author =        {{ATLAS Collaboration}},
  journal =       {Eur. Phys. J. C},
  pages =         {2046},
  title =         {{Measurement of the top quark mass with the template
                   method in the $t \bar{t}$ and lepton + jets channel
                   using ATLAS data}},
  volume =        {72},
  year =          {2012},
  doi =           {10.1140/epjc/s10052-012-2046-6},
}

@article{KLFitterNIM,
  author =        {Erdmann, Johannes and others},
  journal =       {Nucl. Instr. Meth. A},
  pages =         {18},
  title =         {{A likelihood-based reconstruction algorithm for
                   top-quark pairs and the KLFitter framework}},
  volume =        {748},
  year =          {2014},
  doi =           {10.1016/j.nima.2014.02.029},
}

@article{Aaltonen2009,
  author =        {{CDF Collaboration}},
  journal =       {Phys. Rev. D},
  pages =         {92005},
  title =         {First simultaneous measurement of the top quark mass
                   in the lepton+jets and dilepton channels at CDF},
  volume =        {79},
  year =          {2009},
  doi =           {10.1103/PhysRevD.79.092005},
}

@Electronic{JEScorrelationScenarios,
  author =        {{ATLAS Collaboration}},
  month =         {October},
  note =          {{ATLAS internal}},
  title =         {JES correlation recommendations},
  year =          {2015},
  url =           {https://twiki.cern.ch/twiki/bin/viewauth/AtlasProtected/
                  JESCorrelationRecommendations},
}

@techreport{Blobel:1984ku,
  author =        {Blobel, V.},
  booktitle =     {{Proceedings of the 1984 CERN School of Computing}},
  note =          {In {\it Proceedings of the 1984 CERN School of
                   Computing}},
  number =        {DESY-84-118},
  title =         {{Unfolding Methods in High-energy Physics
                   Experiments}},
  year =          {1984},
}

@book{CowanBook,
  author =        {Glen Cowan},
  note =          {ISBN 0-19-850156-0},
  publisher =     {Oxford University Press},
  title =         {Statistical data analysis},
  year =          {1998},
}

@article{Hocker:1995kb,
  author =        {H\"ocker, Andreas and Kartvelishvili, Vakhtang},
  journal =       {Nucl. Instr. Meth. A},
  pages =         {469},
  title =         {{SVD approach to data unfolding}},
  volume =        {372},
  year =          {1996},
  doi =           {10.1016/0168-9002(95)01478-0},
}

@article{PhysRevD.90.072004,
  author =        {{ATLAS Collaboration}},
  journal =       {Phys. Rev. D},
  pages =         {72004},
  publisher =     {American Physical Society},
  title =         {Measurements of normalized differential cross
                   sections for $t\overline{t}$ production in $pp$
                   collisions at $\sqrt{s}=7$~TeV using the ATLAS
                   detector},
  volume =        {90},
  year =          {2014},
  doi =           {10.1103/PhysRevD.90.072004},
}

@techreport{Prosper:1306523,
  address =       {Geneva},
  author =        {Prosper, Harrison B and Lyons, Louis},
  number =        {CERN-2011-006},
  organization =  {CERN},
  publisher =     {CERN},
  title =         {{Proceedings of the PHYSTAT 2011 Workshop on
                   Statistical Issues Related to Discovery Claims in
                   Search Experiments and Unfolding}},
  year =          {2011},
  url =           {https://cds.cern.ch/record/1306523},
}

@article{levine1979,
  author =        {Levine, Howard A.},
  journal =       {Bull. Amer. Math. Soc. (N.S.)},
  pages =         {521},
  publisher =     {American Mathematical Society},
  title =         {Review: A. N. Tikhonov and V. Y. Arsenin, Solutions
                   of ill posed problems},
  volume =        {1},
  year =          {1979},
}

@techreport{Armbruster:1694351,
  address =       {Geneva},
  author =        {Armbruster, A and others},
  institution =   {CERN},
  note =          {ATLAS internal},
  number =        {ATL-COM-PHYS-2014-277},
  title =         {{Practical considerations for unfolding}},
  year =          {2014},
  url =           {https://cds.cern.ch/record/1694351},
}

@Electronic{LHCtopWGparticlelevel,
  author =        {{ATLAS and CMS Collaborations, LHCtopWG}},
  month =         {October},
  note =          {{ATLAS and CMS internal}},
  title =         {Particle level obects and pseudo-top-quark
                   definitions},
  year =          {2012},
  url =           {https://twiki.cern.ch/twiki/bin/view/LHCPhysics/
                  ParticleLevelTopDefinitions},
}

@Electronic{TRUEE,
  author =        {{Technische Universit\"at Dortmund}},
  month =         {Dezember},
  title =         {TRUEE Program},
  year =          {2015},
  url =           {http://app.tu-dortmund.de/cms/de/Projekte/TRUEE},
}

@article{Milke2013133,
  author =        {V. Blobel and others},
  journal =       {Nucl. Instr. Meth. A},
  pages =         {133},
  title =         {Solving inverse problems with the unfolding program
                   TRUEE: Examples in astroparticle physics},
  volume =        {697},
  year =          {2013},
  doi =           {http://dx.doi.org/10.1016/j.nima.2012.08.105},
  issn =          {0168-9002},
}

@article{Heinrich2014,
  author =        {Heinrich, Gudrun and others},
  journal =       {JHEP},
  pages =         {158},
  title =         {NLO QCD corrections to $W^+ W^- b \bar{b}$ production
                   with leptonic decays in the light of top quark mass
                   and asymmetry measurements},
  volume =        {06},
  year =          {2014},
  doi =           {10.1007/JHEP06(2014)158},
}

@article{Nason:1987xz,
  author =        {Nason, P. and others},
  journal =       {Nucl. Phys. B},
  pages =         {607},
  title =         {{The Total Cross-Section for the Production of Heavy
                   Quarks in Hadronic Collisions}},
  volume =        {303},
  year =          {1988},
  doi =           {10.1016/0550-3213(88)90422-1},
}

@article{Beenakker:1990maa,
  author =        {Beenakker, W. and others},
  journal =       {Nucl. Phys. B},
  pages =         {507},
  title =         {{QCD corrections to heavy quark production in hadron
                   hadron collisions}},
  volume =        {351},
  year =          {1991},
  doi =           {10.1016/S0550-3213(05)80032-X},
}

@article{Frixione:1995fj,
  author =        {Frixione, Stefano and others},
  journal =       {Phys. Lett. B},
  pages =         {555},
  title =         {{Top quark distributions in hadronic collisions}},
  volume =        {351},
  year =          {1995},
  doi =           {10.1016/0370-2693(95)00430-S},
}

@article{Beenakker:1993yr,
  author =        {Beenakker, W. and others},
  journal =       {Nucl. Phys. B},
  pages =         {343},
  title =         {{Electroweak one loop contributions to top pair
                   production in hadron colliders}},
  volume =        {411},
  year =          {1994},
  doi =           {10.1016/0550-3213(94)90454-5},
}

@Electronic{Top2015NNLOtopxsec,
  author =        {Heymes, D},
  month =         {October},
  note =          {Top2015 conference},
  title =         {Theory developments in differential distributions for
                   $t\overline{t}$ at NNLO},
  year =          {2015},
  url =           {http://indico.cern.ch/event/351006/session/10/contribution/
                  34/attachments/1156299/1662250/heymes_TOP2015.pdf},
}

@article{Melnikov:2009dn,
  author =        {Melnikov, Kirill and Schulze, Markus},
  journal =       {JHEP},
  pages =         {49},
  title =         {{NLO QCD corrections to top quark pair production and
                   decay at hadron colliders}},
  volume =        {08},
  year =          {2009},
  doi =           {10.1088/1126-6708/2009/08/049},
}

@article{Biswas:2010sa,
  author =        {Biswas, Sandip and others},
  journal =       {JHEP},
  pages =         {48},
  title =         {{Next-to-leading order QCD effects and the top quark
                   mass measurements at the LHC}},
  volume =        {08},
  year =          {2010},
  doi =           {10.1007/JHEP08(2010)048},
}

@article{Melnikov:2011ai,
  author =        {Melnikov, Kirill and Schulze, Markus},
  journal =       {Phys. Lett. B},
  pages =         {17},
  title =         {{Top quark spin correlations at the Tevatron and the
                   LHC}},
  volume =        {700},
  year =          {2011},
  doi =           {10.1016/j.physletb.2011.04.043},
}

@article{Denner:2010jp,
  author =        {Denner, A. and others},
  journal =       {Phys. Rev. Lett.},
  pages =         {52001},
  title =         {{NLO QCD corrections to WWbb production at hadron
                   colliders}},
  volume =        {6},
  year =          {2011},
  doi =           {10.1103/PhysRevLett.106.052001},
}

@article{Denner:2012yc,
  author =        {Denner, Ansgar and others},
  journal =       {JHEP},
  pages =         {110},
  title =         {{NLO QCD corrections to off-shell top-antitop
                   production with leptonic decays at hadron colliders}},
  volume =        {10},
  year =          {2012},
  doi =           {10.1007/JHEP10(2012)110},
}

@article{Bevilacqua:2010qb,
  author =        {Bevilacqua, Giuseppe and others},
  journal =       {JHEP},
  pages =         {083},
  title =         {{Complete off-shell effects in top quark pair
                   hadroproduction with leptonic decay at
                   next-to-leading order}},
  volume =        {02},
  year =          {2011},
  doi =           {10.1007/JHEP02(2011)083},
}

@article{Frederix:2013gra,
  author =        {Frederix, R.},
  journal =       {Phys. Rev. Lett.},
  pages =         {82002},
  publisher =     {American Physical Society},
  title =         {Top Quark Induced Backgrounds to Higgs Production in
                   the
  $W{W}^{(*)}\ensuremath{\rightarrow}ll\ensuremath{\nu}\ensuremath{\nu}$ Decay
  Channel at Next-to-Leading-Order in QCD},
  volume =        {112},
  year =          {2014},
  doi =           {10.1103/PhysRevLett.112.082002},
}

@article{Cascioli:2013wga,
  author =        {Cascioli, F. and others},
  journal =       {Eur. Phys. J. C},
  pages =         {2783},
  title =         {A unified NLO description of top-pair and associated
                   Wt production},
  volume =        {74},
  year =          {2014},
  doi =           {10.1140/epjc/s10052-014-2783-9},
}

@article{Nogueira:1991ex,
  author =        {Nogueira, Paulo},
  journal =       {J. Comp. Phys.},
  pages =         {279},
  title =         {{Automatic Feynman graph generation}},
  volume =        {105},
  year =          {1993},
  doi =           {10.1006/jcph.1993.1074},
}

@article{Vermaseren:2000nd,
  author =        {Vermaseren, J. A. M.},
  title =         {{New features of FORM}},
  year =          {2000},
}

@article{Reiter:2009ts,
  author =        {Reiter, Thomas},
  journal =       {Comp. Phys. Com.},
  pages =         {1301},
  title =         {{Optimising Code Generation with haggies}},
  volume =        {181},
  year =          {2010},
  doi =           {10.1016/j.cpc.2010.01.012},
}

@article{Cullen:2010jv,
  author =        {Cullen, Gavin and others},
  journal =       {Comp. Phys. Com.},
  pages =         {2368},
  title =         {{Spinney: A Form Library for Helicity Spinors}},
  volume =        {182},
  year =          {2011},
  doi =           {10.1016/j.cpc.2011.06.007},
}

@article{Cullen:2011ac,
  author =        {Cullen, Gavin and others},
  journal =       {Eur. Phys. J. C},
  pages =         {1889},
  title =         {{Automated One-Loop Calculations with GoSam}},
  volume =        {72},
  year =          {2012},
  doi =           {10.1140/epjc/s10052-012-1889-1},
}

@article{Denner:2006ic,
  author =        {Denner, Ansgar and Dittmaier, S.},
  journal =       {Nucl. Phys. Proc. Suppl.},
  pages =         {22},
  title =         {{The Complex-mass scheme for perturbative
                   calculations with unstable particles}},
  volume =        {160},
  year =          {2006},
  doi =           {10.1016/j.nuclphysbps.2006.09.025},
}

@article{Cacciari:2011ma,
  author =        {Cacciari, Matteo and others},
  journal =       {Eur. Phys. J. C},
  pages =         {1896},
  title =         {{FastJet User Manual}},
  volume =        {72},
  year =          {2012},
  doi =           {10.1140/epjc/s10052-012-1896-2},
}

@article{Jezo:2015aia,
  author =        {Jezo, Tomas and Nason, Paolo},
  title =         {{On the Treatment of Resonances in Next-to-Leading
                   Order Calculations Matched to a Parton Shower}},
  year =          {2015},
}
